% If you add a new citation to the .bib, also add a reference to it somewhere in the paper.
% That is, do not put unused citations in this .bib file.

@article{adams2015,
    title={EFBs: Finding the Sweet Spot},
    author={Adams, Charlotte},
    year={2015},
    url={https://www.aviationtoday.com/2015/06/01/efbs-finding-the-sweet-spot/}
}

@article{allen2003efb,
  title={EFB: Electronic flight Bag},
  author={Allen, David},
  journal={Boeing Aero Magazine},
  month={Jul},
  year={2003}
}

@article{allen2008electronic,
  title={Electronic flight Bag: real-time information Across an Airline's enterprise},
  author={Allen, David},
  journal={Boeing Aero Magazine},
  quarter={2},
  year={2008}
}

@misc{air2007,
  title = {AIR Project},
  url = {http://air.di.fc.ul.pt/air/},
  author={{Universidade de Lisboa, Skysoft Portugal, European Space Agency (ESA)}},
  year={2007},
  note = {Accessed: 02-04-2021}
}

@phdthesis{ballesteros2012linux,
  title={Linux-driver development for components of the UAV-based fawn detection system},
  author={Ballesteros, Carmen Eva},
  year={2012},
  school={TU Darmstadt}
}

@inproceedings{bloom2020,
  title={Harmonizing ARINC 653 and Realtime POSIX for Conformance to the FACE Technical Standard},
  author={Bloom, Gedare and Sherrill, Joel},
  booktitle={2020 IEEE 23rd International Symposium on Real-Time Distributed Computing (ISORC)},
  pages={98--105},
  year={2020},
  organization={IEEE}
}

@inproceedings{canham2022,
  title={The Mars Ingenuity Helicopter - A Victory for Open-Source Software}, 
  author={Canham, Timothy},
  booktitle={2022 IEEE Aerospace Conference (AERO)}, 
  pages={01-11},
  year={2022},
  organization={IEEE}
}

@article{cofer2022cyberassured,
  title={Cyberassured systems engineering at scale},
  author={Cofer, Darren and Amundson, Isaac and Babar, Junaid and Hardin, David and Slind, Konrad and Alexander, Perry and Hatcliff, John and Klein, Gerwin and Lewis, Corey and Mercer, Eric and others},
  journal={IEEE Security \& Privacy},
  volume={20},
  number={3},
  pages={52--64},
  year={2022},
  publisher={IEEE}
}

@article{cotroneo2013fault,
  title={Fault injection for software certification},
  author={Cotroneo, Domenico and Natella, Roberto},
  journal={IEEE Security \& Privacy},
  volume={11},
  number={4},
  pages={38--45},
  year={2013},
  publisher={IEEE}
}

@inproceedings{craveiro2009,
  title={Embedded Linux in a partitioned architecture for aerospace applications},
  author={Craveiro, Joao and Rufino, Jos{\'e} and Almeida, Carlos and Covelo, Rui and Venda, Pedro},
  booktitle={2009 IEEE/ACS International Conference on Computer Systems and Applications},
  pages={132--138},
  year={2009},
  organization={IEEE}
}

@article{craveiro2008bullet,
  title={Bullet Linux: a Real-Time Platform for Industrial and Aerospace Embedded Applications},
  author={Craveiro, J},
  year={2008}
}

@article{craveiro2009flexible,
  title={Flexible operating system integration in partitioned aerospace systems},
  author={Craveiro, Joao and Rufino, Jos{\'e} and Schoofs, Tobias and Windsor, James},
  journal={Actas do INForum-Simp{\'o}sio de Inform{\'a}tica},
  pages={49--60},
  year={2009}
}

@inproceedings{de2019mixed,
  title={Mixed-trust computing for real-time systems},
  author={de Niz, Dionisio and Andersson, Bj{\"o}rn and Klein, Mark and Lehoczky, John and Vasudevan, Amit and Kim, Hyoseung and Moreno, Gabriel},
  booktitle={2019 IEEE 25th International Conference on Embedded and Real-Time Computing Systems and Applications (RTCSA)},
  pages={1--11},
  year={2019},
  organization={IEEE}
}

@misc{elisa2025,
  title = {ELISA - Enabling Linux in Safety Critical Applications},
  url = {https://elisa.tech/},
  author={{ELISA Community}},
  year={2025},
  note = {Accessed: 04-06-2025}
}

@misc{elisaaero2025,
  title = {ELISA Aerospace Working Group},
  url = {https://github.com/elisa-tech/wg-aerospace},
  author={{ELISA Aero WG Community}},
  year={2025},
  note = {Accessed: 04-06-2025}
}

@article{farrukhflyos,
  title={FlyOS: Rethinking Integrated Modular Avionics for Autonomous Multicopters},
  author={Farrukh, Anam and West, Richard}
}

@misc{freertos2023,
  title={{FreeRTOS} - https://www.freertos.org/},
  url = {https://www.freertos.org/},
  author={{FreeRTOS Community}},
  year={2000},
  note = {Accessed: 20-04-2023}
}

@inproceedings{goiffon2004,
  title={Linux: A multi-purpose executive support for civil avionics applications?},
  author={Goiffon, Serge and Gaufillet, Pierre},
  booktitle={Building the Information Society: IFIP 18th World Computer Congress Topical Sessions 22--27 August 2004 Toulouse, France},
  pages={719--724},
  year={2004},
  url={https://www.ris.prd.fr/GT/LL/TOP12/index_fichiers/TOP12-07-Goiffon.pdf},
  organization={Springer}
}

@inproceedings{han2012,
  title={Kernel-level ARINC 653 partitioning for Linux},
  author={Han, Sanghyun and Jin, Hyun-Wook},
  booktitle={Proceedings of the 27th Annual ACM Symposium on Applied Computing},
  pages={1632--1637},
  year={2012}
}

@misc{jetos2016,
  title={JetOS (ISPRAS) - https://github.com/yoogx/forge.ispras.ru-git-chpok/},
  url = {https://github.com/yoogx/forge.ispras.ru-git-chpok/},
  author={Nikolay Pakulin},
  year={2016},
  note = {Accessed: 20-04-2023}
}

@article{lim2021autonomous,
  title={Autonomous trail-following unmanned aerial vehicle system based on resource partitioning of single hardware platform},
  author={Lim, Yoojin and Kim, Kyungil and Shin, Jinah and Lim, Chaedeok},
  journal={Electronics Letters},
  volume={57},
  number={6},
  pages={245--248},
  year={2021},
  publisher={Wiley Online Library}
}


@article{liu2018,
  title={Real Time Optimization of Linux System in Aerospace},
  author={Liu, Yushuai and Su, Yu and Ma, Yunyun and Wang, Jinbo},
  journal={International Journal of Performability Engineering},
  volume={14},
  number={12},
  pages={3257},
  year={2018}
}

@article{leppinen2017,
  title={Current use of Linux in spacecraft flight software},
  author={Leppinen, Hannu},
  journal={IEEE Aerospace and Electronic Systems Magazine},
  volume={32},
  number={10},
  pages={4--13},
  year={2017},
  publisher={IEEE}
}

@article{li2023,
  title={Design of High-Performance and General-Purpose Satellite Management Unit Based on Rad-Hard Multi-Core SoCand Linux},
  author={Li, Lu and He, Junwang and Xu, Dongxiao and Chen, Wen and Yu, Jinpei and Li, Huawang},
  journal={Aerospace},
  volume={10},
  number={2},
  pages={201},
  year={2023},
  publisher={MDPI}
}

@inproceedings{macias2013open,
  title={Open platform for mixed-criticality applications},
  author={Macias, Miguel Mendez and Gutierrez, Jose Luis and Fernandez, David and Diaz, Javier},
  booktitle={Proceedings of the Workshop on Industry-driven Approaches for Cost-effective Certification of Safety-critical, Mixed-criticality Systems (WICERT'13)},
  pages={1--7},
  year={2013}
}

@misc{nuttx2023,
  title = {NuttX},
  url = {https://nuttx.apache.org/},
  author={{NuttX Community}},
  year={2023},
  note = {Accessed: 20-04-2023}
}

@inproceedings{obermaisser2008temporal,
  title={Temporal and spatial partitioning of a time-triggered operating system based on real-time Linux},
  author={Obermaisser, Roman and Leiner, Bernhard},
  booktitle={2008 11th IEEE International Symposium on Object and Component-Oriented Real-Time Distributed Computing (ISORC)},
  pages={429--435},
  year={2008},
  organization={IEEE}
}

@misc{osrtos2023,
  title = {List of open source real-time operating systems},
  url = {https://www.osrtos.com/},
  note = {Accessed: 11-03-2021}
}

@misc{pok2013,
  title={POK - https://pok-kernel.github.io/ and https://github.com/pok-kernel/pok},
  url = {https://pok-kernel.github.io/},
  author={Reblochon Development Company},
  year={2013},
  note = {Accessed: 20-04-2023}
}

@inproceedings{procopio2020safety,
  title={Safety and security in GNU/Linux real time operating system domain},
  author={Procopio, Giuseppe},
  booktitle={Proceedings of 6th International Conference in Software Engineering for Defence Applications: SEDA 2018 6},
  pages={245--254},
  year={2020},
  organization={Springer}
}

@misc{prokop2015aes,
  title={Advanced Exploration Systems (AES), Core Flight Software (CFS) Project},
  author={Lorraine E. Prokop},
  year={2015},
  note={cFE/cFS Community Workshop},
  howpublished={\url{https://ntrs.nasa.gov/citations/20150020949}}
}

@misc{prokop2018orion,
  title={Core Flight Software projects on Orion Multi-Purpose Crew Vehicle},
  author={Lorraine E. Prokop},
  year={2018},
  note={Flight Software Workshop.}
}

@misc{rtems2023,
  title = {RTEMS - Real Time Operating System},
  url = {https://docs.rtems.org/},
  author={{RTEMS Community}},
  year={2023},
  note = {Accessed: 20-04-2023}
}

@misc{safertos2023,
  title={The SAFERTOS Project - https://www.highintegritysystems.com/safertos/},
  url = {https://www.highintegritysystems.com/safertos/},
  author={{WITTENSTEIN high integrity systems (WHIS)}},
  year={2023},
  note = {Accessed: 20-04-2023}
}

@misc{sgl2025,
  title = {Space Grade Linux (SGL)},
  url = {https://github.com/containers/space-grade-linux/},
  author={{SGL Community}},
  year={2025},
  note = {Accessed: 04-06-2025}
}

https://github.com/containers/space-grade-linux

@misc{spacexama2020,
  title={We are the SpaceX software team, ask us anything! (Reddit)},
  howpublished={\url{https://www.reddit.com/r/spacex/comments/gxb7j1/}},
  year={2020}
}

@article{torens2014certification,
  title={Certification and software verification considerations for autonomous unmanned aircraft},
  author={Torens, Christoph and Adolf, Florian-M and Goormann, Lukas},
  journal={Journal of Aerospace Information Systems},
  volume={11},
  number={10},
  pages={649--664},
  year={2014},
  publisher={American Institute of Aeronautics and Astronautics}
}

@inproceedings{vanderleest2010arinc,
  title={ARINC 653 hypervisor},
  author={VanderLeest, Steven H},
  booktitle={29th digital avionics systems conference},
  pages={5--E},
  year={2010},
  organization={IEEE}
}

@inproceedings{vanderleest2023avionics,
  title={Avionics Linux},
  author={VanderLeest, Steven H},
  booktitle={42nd digital avionics systems conference},
  year={2023},
  organization={IEEE}
}

@misc{zephyr2023,
  title={The Zephyr Project - https://www.zephyrproject.org/},
  url = {https://www.zephyrproject.org/},
  author={{Zephyr Community}},
  year={2000},
  note = {Accessed: 20-04-2023}
}
